<record><leader>00000cas a2200000 a 4500</leader><controlfield tag="001">9574114</controlfield><controlfield tag="008">830603d19121926nbudn ne      0    0ger d</controlfield><datafield ind1=" " ind2=" " tag="010"><subfield code="a">sn 83045652 </subfield></datafield><datafield ind1=" " ind2=" " tag="040"><subfield code="a">CRL</subfield><subfield code="b">eng</subfield><subfield code="c">CRL</subfield><subfield code="d">NPW</subfield><subfield code="d">NVG</subfield><subfield code="d">DLC</subfield><subfield code="d">OCL</subfield><subfield code="d">OCLCQ</subfield><subfield code="d">OCLCF</subfield><subfield code="d">OCLCO</subfield><subfield code="d">DLC</subfield><subfield code="d">OCL</subfield></datafield><datafield ind1=" " ind2=" " tag="042"><subfield code="a">msc</subfield></datafield><datafield ind1=" " ind2=" " tag="043"><subfield code="a">n-us-nb</subfield></datafield><datafield ind1="0" ind2="0" tag="245"><subfield code="a">Ta&#776;gliche Omaha Tribu&#776;ne.</subfield></datafield><datafield ind1="1" ind2="7" tag="246"><subfield code="a">Omaha Tribu&#776;ne</subfield><subfield code="f">14. Ma&#776;rz 1912-10. Juni 1916</subfield></datafield><datafield ind1=" " ind2=" " tag="260"><subfield code="a">Omaha, Nebr. :</subfield><subfield code="b">Tribune Pub. Co.,</subfield><subfield code="c">1912-1926.</subfield></datafield><datafield ind1=" " ind2=" " tag="300"><subfield code="a">v. :</subfield><subfield code="b">ill.</subfield></datafield><datafield ind1=" " ind2=" " tag="310"><subfield code="a">Daily (except Sun.)</subfield></datafield><datafield ind1="0" ind2=" " tag="362"><subfield code="a">30. Jahrg., No. 1 (14. Ma&#776;rz 1912)-42. Jahrg., No. 138 (28. Aug. 1926).</subfield></datafield><datafield ind1=" " ind2=" " tag="515"><subfield code="a">Some irregularities in numbering.</subfield></datafield><datafield ind1=" " ind2=" " tag="546"><subfield code="a">In German.</subfield></datafield><datafield ind1=" " ind2=" " tag="580"><subfield code="a">Weekly ed.: Wo&#776;chentliche Omaha Tribune, 1912-1919.</subfield></datafield><datafield ind1=" " ind2=" " tag="580"><subfield code="a">Absorbed: Nebraska Volksblatt, 1917, and: Platte River Zeitung, 1917, and: Nebraska Post (Beatrice, Neb.), 1918, and: Nebraska Biene, 1918, and: Nebraska Echo, 1918, and: Westlicher Beobachter, and: Iowa Biene, and: Iowa Staats-Anzeiger.</subfield></datafield><datafield ind1=" " ind2=" " tag="580"><subfield code="a">Split into: Omaha Tribu&#776;ne, and: Sonntagsblatt der Omaha Tribu&#776;ne.</subfield></datafield><datafield ind1=" " ind2="0" tag="650"><subfield code="a">Germans</subfield><subfield code="z">United States</subfield><subfield code="v">Newspapers.</subfield></datafield><datafield ind1=" " ind2="0" tag="650"><subfield code="a">German Americans</subfield><subfield code="v">Newspapers.</subfield></datafield><datafield ind1=" " ind2="0" tag="650"><subfield code="a">German American newspapers.</subfield></datafield><datafield ind1=" " ind2="0" tag="651"><subfield code="a">Omaha (Neb.)</subfield><subfield code="v">Newspapers.</subfield></datafield><datafield ind1=" " ind2="7" tag="650"><subfield code="a">German American newspapers.</subfield><subfield code="2">fast</subfield><subfield code="0">(OCoLC)fst00941297</subfield></datafield><datafield ind1=" " ind2="7" tag="650"><subfield code="a">German Americans.</subfield><subfield code="2">fast</subfield><subfield code="0">(OCoLC)fst00941308</subfield></datafield><datafield ind1=" " ind2="7" tag="650"><subfield code="a">Germans.</subfield><subfield code="2">fast</subfield><subfield code="0">(OCoLC)fst00942100</subfield></datafield><datafield ind1=" " ind2="7" tag="651"><subfield code="a">Nebraska</subfield><subfield code="z">Omaha.</subfield><subfield code="2">fast</subfield><subfield code="0">(OCoLC)fst01204995</subfield></datafield><datafield ind1=" " ind2="7" tag="651"><subfield code="a">United States.</subfield><subfield code="2">fast</subfield><subfield code="0">(OCoLC)fst01204155</subfield></datafield><datafield ind1=" " ind2="7" tag="655"><subfield code="a">Newspapers.</subfield><subfield code="2">fast</subfield><subfield code="0">(OCoLC)fst01423814</subfield></datafield><datafield ind1=" " ind2=" " tag="752"><subfield code="a">United States</subfield><subfield code="b">Nebraska</subfield><subfield code="c">Douglas</subfield><subfield code="d">Omaha.</subfield></datafield><datafield ind1="1" ind2=" " tag="775"><subfield code="t">Wo&#776;chentliche Omaha Tribu&#776;ne</subfield></datafield><datafield ind1="0" ind2="1" tag="780"><subfield code="t">Omaha Tribu&#776;ne (Omaha, Neb. : 1909)</subfield></datafield><datafield ind1="1" ind2="5" tag="780"><subfield code="t">Nebraska Volksblatt</subfield></datafield><datafield ind1="1" ind2="5" tag="780"><subfield code="t">Platte River Zeitung</subfield></datafield><datafield ind1="1" ind2="5" tag="780"><subfield code="t">Nebraska Post (Beatrice, Neb.)</subfield></datafield><datafield ind1="1" ind2="5" tag="780"><subfield code="t">Nebraska Biene</subfield></datafield><datafield ind1="1" ind2="5" tag="780"><subfield code="t">Nebraska Echo</subfield></datafield><datafield ind1="1" ind2="5" tag="780"><subfield code="t">Westlicher Beobachter</subfield></datafield><datafield ind1="1" ind2="5" tag="780"><subfield code="t">Iowa Biene</subfield></datafield><datafield ind1="1" ind2="5" tag="780"><subfield code="t">Iowa Staats-Anzeiger</subfield><subfield code="w">(DLC)sn 84038136</subfield></datafield><datafield ind1="1" ind2="6" tag="785"><subfield code="t">Omaha Tribu&#776;ne</subfield><subfield code="w">(DLC)sn 83045651</subfield></datafield><datafield ind1="1" ind2="6" tag="785"><subfield code="t">Sonntagsblatt der Omaha Tribu&#776;ne</subfield><subfield code="w">(DLC)sn 83045659</subfield></datafield><datafield ind1="1" ind2=" " tag="029"><subfield code="a">AU@</subfield><subfield code="b">000025816663</subfield></datafield></record>